<record><leader>00000cas a22000007a 4500</leader><controlfield tag="001">12043029</controlfield><controlfield tag="008">850516d1969199uwiuwr ne      0    0eng d</controlfield><datafield ind1=" " ind2=" " tag="010"><subfield code="a">sn 85040608 </subfield></datafield><datafield ind1=" " ind2=" " tag="040"><subfield code="a">NPV</subfield><subfield code="b">eng</subfield><subfield code="c">NPV</subfield><subfield code="d">NSD</subfield><subfield code="d">OCLCQ</subfield></datafield><datafield ind1=" " ind2=" " tag="042"><subfield code="a">msc</subfield></datafield><datafield ind1="0" ind2="0" tag="245"><subfield code="a">Franklin-Hales Corners hub.</subfield></datafield><datafield ind1=" " ind2=" " tag="260"><subfield code="a">Hales Corners, Wis. :</subfield><subfield code="b">[Community Newspapers],</subfield><subfield code="c">1969-</subfield></datafield><datafield ind1=" " ind2=" " tag="300"><subfield code="a">v.</subfield></datafield><datafield ind1=" " ind2=" " tag="310"><subfield code="a">Weekly</subfield></datafield><datafield ind1=" " ind2=" " tag="321"><subfield code="a">Weekly,</subfield><subfield code="b">Dec. 4, 1969-Sept. 12, 1974</subfield></datafield><datafield ind1=" " ind2=" " tag="321"><subfield code="a">Semiweekly,</subfield><subfield code="b">Sept. 19, 1974-June 2, 1978</subfield></datafield><datafield ind1="0" ind2=" " tag="362"><subfield code="a">No. 381 (Dec. 4, 1969)-no. 489 (Dec. 30, 1971) ; 45th year, no. 1 (Jan. 6, 1972)-</subfield></datafield><datafield ind1=" " ind2=" " tag="500"><subfield code="a">Title varies slightly.</subfield></datafield><datafield ind1=" " ind2=" " tag="752"><subfield code="a">United States</subfield><subfield code="b">Wisconsin</subfield><subfield code="c">Milwaukee</subfield><subfield code="d">Hales Corners.</subfield></datafield><datafield ind1=" " ind2=" " tag="752"><subfield code="a">United States</subfield><subfield code="b">Wisconsin</subfield><subfield code="c">Milwaukee</subfield><subfield code="d">Franklin.</subfield></datafield><datafield ind1="0" ind2="0" tag="780"><subfield code="t">Tri-town hub (Hales Corners, Wis. : 1967 : Franklin-Hales Corners ed.)</subfield><subfield code="w">(DLC)sn 85040607</subfield></datafield><datafield ind1="0" ind2="0" tag="785"><subfield code="t">Hales Corner village hub</subfield><subfield code="x">1526-4319</subfield><subfield code="w">(DLC)sn 99006036</subfield></datafield></record>